@BOOK {1,
    author    = "Harry F Olson",
    title     = "Music, Physics and Engineering",
    publisher = "Dover Publications",
    year      = "1967",
    edition   = "second"
}

@BOOK {2,
    author    = "Michael J Moravcsik",
    title     = "Musical Sound: An Introduction to the Physics of Music",
    publisher = "Paragon House Publishers",
    year      = "1987",
    edition   = "first"
}

@BOOK {3,
    author    = "Alex Hebra",
    title     = "The Physics of Metrology: All About Instruments: From Trundle Wheels to Atomic Clocks",
    publisher = "Springer",
    year      = "2010",
    edition   = "first"
}

@BOOK {4,
    author    = "John Backus",
    title     = "The Acoustical Foundations of Music",
    publisher = "Norton",
    year      = "1977",
    edition   = "first"
}

@BOOK {5,
    author    = "Ian D Johnston",
    title     = "Measured Tones: The Interplay of Physics and Music",
    publisher = "Institute of Physics Publications",
    year      = "2002",
    edition   = "first"
}

@BOOK {6,
    author    = "Tony Hillerson",
    title     = "Programming Sound with Pure Data: Make Your Apps Come Alive with Dynamic Audio",
    publisher = "Pragmatic Bookshelf",
    year      = "2014",
    edition   = "first"
}